@book{abate2011geometria,
  title={Geometria differenziale},
  author={Abate, Marco and Tovena, Francesca},
  year={2011},
  publisher={Springer Science \& Business Media}
}
@book{mcduff2017introduction,
  title={Introduction to symplectic topology},
  author={McDuff, Dusa and Salamon, Dietmar},
  year={2017},
  publisher={Oxford University Press}
}
@book{arnol2013mathematical,
  title={Mathematical methods of classical mechanics},
  author={Arnol'd, Vladimir Igorevich},
  volume={60},
  year={2013},
  publisher={Springer Science \& Business Media}
}
@article{cannas2005symplectic,
  title={Symplectic geometry},
  author={Cannas da Silva, Ana},
  journal={arXiv preprint math/0505366},
  year={2005}
}
@misc{fernandes2014lectures,
  title={Lectures on Poisson geometry},
  author={Fernandes, Rui Loja and Marcut, Ioan},
  year={2014},
  publisher={Springer}
}
@misc{ciccoli2006lectures,
  title={From Poisson to Quantum Geometry},
  author={Ciccoli, Nicola and Witkowski, Pawe\l},
  year={2006},
  url={https://www.impan.pl/swiat-matematyki/notatki-z-wyklado~/ciccoli_fpqg.pdf}
}
@article{oevel1989r,
  title={R-matrices and higher Poisson brackets for integrable systems},
  author={Oevel, Walter and Ragnisco, Orlando},
  journal={Physica A: Statistical Mechanics and its Applications},
  volume={161},
  number={1},
  pages={181--220},
  year={1989},
  publisher={Elsevier}
}
@article{magri1984geometrical,
  title={A geometrical characterization of integrable Hamiltonian systems through the theory of Poisson--Nijenhuis manifolds},
  author={Magri, Franco and Morosi, Carlo},
  journal={Preprint, Università di Milano--Bicocca},
  year={1984}
}
@article{cattaneo2004formality,
  title={Formality and star products},
  author={Cattaneo, Alberto S. and Indelicato, Davide},
  journal={arXiv preprint math/0403135},
  year={2004}
}
@article{kontsevich2003deformation,
  title={Deformation quantization of Poisson manifolds},
  author={Kontsevich, Maxim},
  journal={Letters in Mathematical Physics},
  volume={66},
  number={3},
  pages={157--216},
  year={2003},
  publisher={Springer}
}
@article{gutt1999equivalence,
  title={Equivalence of star products on a symplectic manifold; an introduction to Deligne's {\v{C}}ech cohomology classes},
  author={Gutt, Simone and Rawnsley, John},
  journal={Journal of geometry and physics},
  volume={29},
  number={4},
  pages={347--392},
  year={1999},
  publisher={Elsevier}
}
@article{gerstenhaber1964deformation,
  title={On the Deformation of Rings and Algebras},
  author={Murray Gerstenhaber},
  journal={Annals of Mathematics},
  volume={79},
  url={http://www.jstor.org/stable/1970484},
  number={1},
  pages={59--103},
  year={1964},
  publisher={Annals of Mathematics}
}
@misc{mo2019properness,
  title={The properness of a submersion},
  author={Mathematics StackExchange},
  url={https://math.stackexchange.com/questions/1004543/the-properness-of-a-submersion},
  note={Accessed: 2019-06-07}
}
@article{beentjes2012deformation,
  title={An introduction to deformation quantization after Kontsevich},
  author={Beentjes, Sjoerd},
  year={2012},
  url={https://staff.fnwi.uva.nl/j.deboer/education/projects/projects/beentjes.pdf}
}
@book{nakahara2002,
  title={Geometry, topology and physics},
  author={Nakahara, Mikio},
  year={2002},
  publisher={Taylor \& Francis}
}
@book{libermann1987,
  title={Symplectic geometry and analytical mechanics},
  author={Libermann, Paulette and Marle, Charles-Michel},
  year={1987},
  publisher={Springer Netherlands}
}
@book{daSilva2006,
  title={Lectures on Symplectic Geometry},
  author={Cannas da Silva, Ana},
  year={2006},
  publisher={Springer-Verlag Berlin Heidelberg},
  url={https://people.math.ethz.ch/~acannas/Papers/lsg.pdf}
}
@misc{cieliebak2006lectures,
  title={Symplectic Geometry},
  author={Cieliebak, Kai},
  year={2010},
  url={http://www.mathematik.uni-regensburg.de/ammann/lehre/2017w_symplectic/cieliebak_symplectic-geometry-a.pdf}
}
@book{audin2003,
  title={Symplectic geometry of integrable Hamiltonian systems},
  author={Audin, Michèle and Cannas da Silva, Ana and Lerman, Eugene},
  year={2003},
  publisher={Birkhäuser Basel}
}
@book{michor2008,
  title={Topics in differential geometry},
  author={Michor, W. Peter},
  year={2008},
  publisher={American Mathematical Society}
}
@misc{dubrovin2005,
  title={Bihamiltonian structures of PDEs and Frobenius manifolds},
  author={Dubrovin, Boris},
  year={2005},
  url={http://indico.ictp.it/event/a04198/session/47/contribution/26/material/0/0.pdf}
}
